

@misc{URL1,
    author = " Emil Mikhailov; Roman Trusov",
    title = "How Adversarial Attacks Work",
    howpublished = "\url{http://blog.ycombinator.com/how-adversarial-attacks-work/}",
    note = "[Introductory article]"
}


@misc{URL2,
    author = "Google Brain",
    title = "NIPS 2017: Targeted Adversarial Attack",
    howpublished = "\url{https://www.kaggle.com/c/nips-2017-targeted-adversarial-attack}",
    note = "[Kaggle challenge with data]"
}
